% Encoding: UTF-8

@Book{Hesse2014,
  author    = {Hesse, Stefan AND Schnell, Gerhard},
  title     = {Sensoren für die Prozess- und Fabrikautomation - Funktion - Ausführung - Anwendung},
  year      = {2014},
  publisher = {Springer-Verlag},
  isbn      = {978-3-658-05867-8},
  pages     = {51},
  address   = {Berlin Heidelberg New York},
}

@Comment{jabref-meta: databaseType:biblatex;}

% Encoding: UTF-8
